<?xml version='1.0'?>
<collection xmlns='http://www.loc.gov/MARC21/slim' xmlns:xsi='http://www.w3.org/2001/XMLSchema-instance' xsi:schemaLocation='http://www.loc.gov/MARC21/slim http://www.loc.gov/standards/marcxml/schema/MARC21slim.xsd'>
  <record>
    <leader>00000cgm a2201009Ia 4500</leader>
      <controlfield tag='008'>960711r19961987gr 924            vlger d</controlfield>
      <controlfield tag='007'>vfumbaho-</controlfield>
      <controlfield tag='001'>35058198</controlfield>
      <controlfield tag='005'>19970211103946.0</controlfield>
      <datafield ind1=' ' ind2=' ' tag='020'>
        <subfield code='a'>1565800842 (set)</subfield>
      </datafield>
      <datafield ind1=' ' ind2=' ' tag='040'>
        <subfield code='a'>CUY</subfield>
        <subfield code='c'>CUY</subfield>
        <subfield code='d'>XTA</subfield>
        <subfield code='d'>OCL</subfield>
        <subfield code='d'>NOC</subfield>
      </datafield>
      <datafield ind1=' ' ind2=' ' tag='041'>
        <subfield code='a'>ger</subfield>
        <subfield code='b'>eng</subfield>
      </datafield>
      <datafield ind1='0' ind2='0' tag='245'>
        <subfield code='a'>Heimat</subfield>
        <subfield code='h'>[videocassette] /</subfield>
        <subfield code='c'>a chronicle by Edgar Reitz ; [presented by] WGBH Boston ; Edgar Reitz Filmproduktion mbH, Munich ; in coproduktion mit dem SFB und dem WDR.</subfield>
      </datafield>
      <datafield ind1='3' ind2=' ' tag='246'>
        <subfield code='a'>Heimat, a chronicle of Germany</subfield>
      </datafield>
      <datafield ind1='3' ind2=' ' tag='246'>
        <subfield code='a'>Edgar Reitz&apos;s Heimat, a chronicle of Germany</subfield>
      </datafield>
      <datafield ind1='3' ind2=' ' tag='246'>
        <subfield code='a'>Fernweh</subfield>
      </datafield>
      <datafield ind1='3' ind2=' ' tag='246'>
        <subfield code='a'>Mitte der welt</subfield>
      </datafield>
      <datafield ind1='3' ind2=' ' tag='246'>
        <subfield code='a'>Weihnacht</subfield>
      </datafield>
      <datafield ind1='3' ind2=' ' tag='246'>
        <subfield code='a'>Reichshoherstrabe</subfield>
      </datafield>
      <datafield ind1='3' ind2=' ' tag='246'>
        <subfield code='a'>Auf und davon und zuruck</subfield>
      </datafield>
      <datafield ind1='3' ind2=' ' tag='246'>
        <subfield code='a'>Heimatfront</subfield>
      </datafield>
      <datafield ind1='3' ind2=' ' tag='246'>
        <subfield code='a'>Liebe der soldaten</subfield>
      </datafield>
      <datafield ind1='3' ind2=' ' tag='246'>
        <subfield code='a'>Amerikaner</subfield>
      </datafield>
      <datafield ind1='3' ind2=' ' tag='246'>
        <subfield code='a'>Hermannchen</subfield>
      </datafield>
      <datafield ind1='3' ind2=' ' tag='246'>
        <subfield code='a'>Stolzen jahre</subfield>
      </datafield>
      <datafield ind1='3' ind2=' ' tag='246'>
        <subfield code='a'>Fest der lebenden und der tot</subfield>
      </datafield>
      <datafield ind1=' ' ind2=' ' tag='260'>
        <subfield code='a'>Chicago, IL :</subfield>
        <subfield code='b'>Facets Video,</subfield>
        <subfield code='c'>1996.</subfield>
      </datafield>
      <datafield ind1=' ' ind2=' ' tag='300'>
        <subfield code='a'>9 videocassettes (924 min.) :</subfield>
        <subfield code='b'>sd., col. and b&amp;w ;</subfield>
        <subfield code='c'>1/2 in.</subfield>
      </datafield>
      <datafield ind1=' ' ind2=' ' tag='500'>
        <subfield code='a'>Originally produced or released in 1987.</subfield>
      </datafield>
      <datafield ind1=' ' ind2=' ' tag='500'>
        <subfield code='a'>Run time: approx. 924 minutes [On 9 cassettes] min.</subfield>
      </datafield>
      <datafield ind1=' ' ind2=' ' tag='500'>
        <subfield code='a'>In German with English subtitles.</subfield>
      </datafield>
      <datafield ind1=' ' ind2=' ' tag='500'>
        <subfield code='a'>Title on cassette container:  Edgar Reitz&apos;s Heimat, a chronicle of Germany.</subfield>
      </datafield>
      <datafield ind1='0' ind2=' ' tag='505'>
        <subfield code='a'>Tape 1. Pt. 1. Fernweh (The call of far away places, 1919)--Tape 2. Pt. 2. Die mitte der welt (The centre of the world, 1929)--Tape 3. Pt. 3. Weihnacht (The best Christmas ever, 1934)--Tape 4. Pt. 4. Reichshoherstrabe (The highway, 1938). Pt. 5. Auf und davon und zuruck (Up and away and back, 1938)--Tape 5. Pt. 6. Heimatfront (The home front, 1943). Pt. 7. Die liebe der soldaten (Soldiers and love, 1944)--Tape 6. Pt. 8. Der Amerikaner (The American, 1945)--Tape 7. Pt. 9. Hermannchen (Little Hermann, 1955)--Tape 8. Pt. 10. Die stolzen jahre (The proud years, 1967)--Tape 9. Pt. 11. Das fest der lebenden und der tot (The feast of the living and the dead, 1982)</subfield>
      </datafield>
      <datafield ind1=' ' ind2=' ' tag='508'>
        <subfield code='a'>Producer, Inge Richter ; director, Edgar Reitz ; writers, Edgar Reitz, Peter Steinbach ; camera, Gernot Roll ; music, Nikos Mamangakis ; editor, Heidi Handorf.</subfield>
      </datafield>
      <datafield ind1=' ' ind2=' ' tag='508'>
        <subfield code='a'>Cast:  Marita Breuer as Maria Simon, née Wiegand, Michael as Paul Simon - Dieter Schaad as Paul, Karin Kienzler - Eva Maria Bayerswaltes as Pauline Kröber, Rudiger Weigang as Eduard Simon, Gertrud Bredel as Katharina Simon, née Schirmer, Willi Berer as Mathias Simon, Johannes Lobewein as Alois Wiegand, Kurt Wagner as Glasisch-Karl, Marliese Assmann as Apollonia, Eva Maria Schneider as Marie-Goot, Wolfram Wagner as Mäthes-Pat, Alexander Scholz as Hänschen Betz, Arno Lang as Robert Kröber, Otto Henn as Glockzieh, Manfred Kuhn as Wirt, Karin Rasenack as Lucie Simon, Helga Bender as Martina, Rolf Roth - Markus Reiter - Mathias Kniesbeck as Anton Simon, Ingo Hoffman  Roland Bongard - Michael Kaush as Ernst Simon, Adreas Koloschinski - Anke Jendrychowski - Gabriel Blum as Lotti Schriemr, Hans-Jurgen Schatz as Wilfried Wiegand, Kurt Wolfinger as Gaulietier Simon, Jorge Hube as Otto Wohlleben, Johannes Metzdori as Fritz Pieritz, Joseph E. Jones as the chauffeur, Frank Kleid as Hermannchen, Jorg Richter - Peter Harting as Hermann Simon.  Notes:  Screenplay by Reitz and Peter Steinbach. Camera by Gernot Roll.  Music by Nikos Mamangakis.</subfield>
      </datafield>
      <datafield ind1='1' ind2=' ' tag='511'>
        <subfield code='a'>Marita Breuer, Gertrud Bredel, Willi Burger, Rudiger Weigang, Johannes Lobewein, Kurt Wagner.</subfield>
      </datafield>
      <datafield ind1=' ' ind2=' ' tag='520'>
        <subfield code='a'>At the end of World War I, young Paul Simon, a soldier in the defeated German army, returns from the war to his home in the little village of Schabbach in the isolated Hunsruck district.  Paul returns to a village that seems isolated from the larger world.  Paul, his family, and all the other natives are almost irretrievably tied to the place -- it is their Heimat -- their homeland.  This huge, ambitious film about Germany from 1918 through the early 1980s is a massive effort at showing the complexities of life among the average German citizen in the wake of the disastrous defeat of WW I and the rise of Nazism.  The filmmaker, Edgar Reitz, presents startling, complex images and ideas to present his stories of 70 plus years in the life of a place and its peoples.  The film constantly has contrasting black and white images with occasional splashes of color all of which are used to maximum effect.  The story is presented in a determinedly objective manner,  something achieved by Reitz&apos; deft presentation of  variations on repeated themes about home and homeland.  The images of the a perfect Reich is interwoven with sentimental regards for nationalism and the simplicity of an unobtrusive rural life.  Many of the images are said to evoke the sentiments of the &quot;homeland&quot; or Heimat films made during the Nazi epoch [there is a running theme of the use of film and photography in the Simon family which re-enforces this -- Eduard the elder son takes pictures on every occasion he can.  Anton, Paul and Maria&apos;s elder son is a film photographer in the propaganda corp in WW II and later founds an optical firm in Schabbach].  Family, faith, love, love-lost, bigotry, failure, success, family discord are the themes which dominate the film.  The acting is uniformly good but Marita Breuer as Maria Simon, born in 1900 and the loving wife deserted by a husband with undetermined wanderlust is very, very fine in a role that requires her to age from a hopeful beauty of 19 to a proud matriarch of 82.  Gerturd Bredel as Katharina Simon, from whom Maria has inherited her mantle is also excellent.  It is presence of these two strong women characters in the film that gives it a distinctive sensibility -- Maria Simon like her mother-in-law Katharina is the emotional anchor of the story and of all the lives in Schabbach and beyond.  Overall, an impressive achievement.</subfield>
      </datafield>
      <datafield ind1=' ' ind2=' ' tag='520'>
        <subfield code='a'>A massive chronicle of life in Germany, from 1919 to 1982, as reflected in the fluctuating fortunes of the members of one family, initially peasant-farmers, in the fictitious village of Schabbach in the Rhineland. Heimat is an extraordinary succession of mostly ordinary events and characters--history seen from ground level--vividly acted by a huge cast of both professional and nonprofessional actors.</subfield>
      </datafield>
      <datafield ind1=' ' ind2='0' tag='650'>
        <subfield code='a'>Motion pictures, German.</subfield>
      </datafield>
      <datafield ind1=' ' ind2='0' tag='650'>
        <subfield code='a'>Families</subfield>
        <subfield code='z'>Germany</subfield>
        <subfield code='v'>Drama.</subfield>
      </datafield>
      <datafield ind1=' ' ind2='0' tag='650'>
        <subfield code='a'>World War, 1939-1945</subfield>
        <subfield code='z'>Germany</subfield>
        <subfield code='v'>Drama.</subfield>
      </datafield>
      <datafield ind1=' ' ind2='0' tag='651'>
        <subfield code='a'>Germany</subfield>
        <subfield code='x'>In motion pictures.</subfield>
      </datafield>
      <datafield ind1=' ' ind2='0' tag='651'>
        <subfield code='a'>Germany</subfield>
        <subfield code='x'>History</subfield>
        <subfield code='y'>20th century</subfield>
        <subfield code='v'>Drama.</subfield>
      </datafield>
      <datafield ind1=' ' ind2='0' tag='651'>
        <subfield code='a'>Germany</subfield>
        <subfield code='x'>History</subfield>
        <subfield code='y'>1918-1933</subfield>
        <subfield code='v'>Drama.</subfield>
      </datafield>
      <datafield ind1=' ' ind2='0' tag='651'>
        <subfield code='a'>Germany</subfield>
        <subfield code='x'>History</subfield>
        <subfield code='y'>1933-1945</subfield>
        <subfield code='v'>Drama.</subfield>
      </datafield>
      <datafield ind1=' ' ind2='0' tag='651'>
        <subfield code='a'>Germany</subfield>
        <subfield code='x'>History</subfield>
        <subfield code='y'>1945-</subfield>
        <subfield code='v'>Drama.</subfield>
      </datafield>
      <datafield ind1=' ' ind2='7' tag='655'>
        <subfield code='a'>Drama.</subfield>
        <subfield code='2'>local</subfield>
      </datafield>
      <datafield ind1=' ' ind2='7' tag='655'>
        <subfield code='a'>German Cinema.</subfield>
        <subfield code='2'>local</subfield>
      </datafield>
      <datafield ind1=' ' ind2='7' tag='655'>
        <subfield code='a'>War Movies.</subfield>
        <subfield code='2'>local</subfield>
      </datafield>
      <datafield ind1=' ' ind2=' ' tag='691'>
        <subfield code='a'>Germany.</subfield>
      </datafield>
      <datafield ind1='1' ind2=' ' tag='700'>
        <subfield code='a'>Reitz, Edgar.</subfield>
        <subfield code='4'>drt</subfield>
      </datafield>
      <datafield ind1='1' ind2=' ' tag='700'>
        <subfield code='a'>Steinbach, Peter,</subfield>
        <subfield code='d'>1938-</subfield>
      </datafield>
      <datafield ind1='1' ind2=' ' tag='700'>
        <subfield code='a'>Richter, Inge.</subfield>
      </datafield>
      <datafield ind1='1' ind2=' ' tag='700'>
        <subfield code='a'>Breuer, Marita.</subfield>
      </datafield>
      <datafield ind1='1' ind2=' ' tag='700'>
        <subfield code='a'>Bredel, Gertrud.</subfield>
      </datafield>
      <datafield ind1='1' ind2=' ' tag='700'>
        <subfield code='a'>Burger, Willi.</subfield>
      </datafield>
      <datafield ind1='2' ind2=' ' tag='710'>
        <subfield code='a'>Edgar Reitz Filmproduktion.</subfield>
      </datafield>
      <datafield ind1='2' ind2=' ' tag='710'>
        <subfield code='a'>Westdeutscher Rundfunk.</subfield>
      </datafield>
      <datafield ind1='2' ind2=' ' tag='710'>
        <subfield code='a'>Sender Freies Berlin.</subfield>
      </datafield>
      <datafield ind1='2' ind2=' ' tag='710'>
        <subfield code='a'>WGBH (Television station : Boston, Mass.)</subfield>
      </datafield>
      <datafield ind1='2' ind2=' ' tag='710'>
        <subfield code='a'>Facets Video (Firm)</subfield>
      </datafield>
      <datafield ind1=' ' ind2=' ' tag='907'>
        <subfield code='a'>b2975416</subfield>
      </datafield>
      <datafield ind1='9' ind2='1' tag='999'>
        <subfield code='i'>i4234302</subfield>
        <subfield code='l'>uldal</subfield>
        <subfield code='s'>o</subfield>
        <subfield code='t'>57</subfield>
        <subfield code='c'>1</subfield>
        <subfield code='o'>32</subfield>
        <subfield code='b'>00010435157</subfield>
        <subfield code='p'>099#9</subfield>
        <subfield code='q'>|a65-V6027</subfield>
        <subfield code='v'>v.1</subfield>
      </datafield>
      <datafield ind1='9' ind2='1' tag='999'>
        <subfield code='i'>i6420810</subfield>
        <subfield code='l'>uldal</subfield>
        <subfield code='s'>-</subfield>
        <subfield code='t'>57</subfield>
        <subfield code='c'>2</subfield>
        <subfield code='o'>1</subfield>
        <subfield code='d'>2018-01-30</subfield>
        <subfield code='b'>00026258004</subfield>
        <subfield code='n'>zzTest note</subfield>
        <subfield code='n'>aaTest note</subfield>
        <subfield code='p'>099#9</subfield>
        <subfield code='q'>|a65-V6027</subfield>
        <subfield code='v'>v.1</subfield>
      </datafield>
      <datafield ind1='9' ind2='1' tag='999'>
        <subfield code='i'>i6420812</subfield>
        <subfield code='l'>uldal</subfield>
        <subfield code='s'>-</subfield>
        <subfield code='t'>57</subfield>
        <subfield code='c'>2</subfield>
        <subfield code='o'>1</subfield>
        <subfield code='d'>2018-01-30</subfield>
        <subfield code='b'>00026257997</subfield>
        <subfield code='p'>099#9</subfield>
        <subfield code='q'>|a65-V6027</subfield>
        <subfield code='v'>v.2</subfield>
      </datafield>
      <datafield ind1='9' ind2='1' tag='999'>
        <subfield code='i'>i6420814</subfield>
        <subfield code='l'>uldal</subfield>
        <subfield code='s'>-</subfield>
        <subfield code='t'>57</subfield>
        <subfield code='c'>2</subfield>
        <subfield code='o'>1</subfield>
        <subfield code='d'>2018-01-30</subfield>
        <subfield code='b'>00026257988</subfield>
        <subfield code='p'>099#9</subfield>
        <subfield code='q'>|a65-V6027</subfield>
        <subfield code='v'>v.3</subfield>
      </datafield>
      <datafield ind1='9' ind2='1' tag='999'>
        <subfield code='i'>i6420817</subfield>
        <subfield code='l'>uldal</subfield>
        <subfield code='s'>-</subfield>
        <subfield code='t'>57</subfield>
        <subfield code='c'>2</subfield>
        <subfield code='o'>1</subfield>
        <subfield code='d'>2018-01-30</subfield>
        <subfield code='b'>00026257979</subfield>
        <subfield code='p'>099#9</subfield>
        <subfield code='q'>|a65-V6027</subfield>
        <subfield code='v'>v.4</subfield>
      </datafield>
      <datafield ind1='9' ind2='1' tag='999'>
        <subfield code='i'>i6420819</subfield>
        <subfield code='l'>uldal</subfield>
        <subfield code='s'>-</subfield>
        <subfield code='t'>57</subfield>
        <subfield code='c'>2</subfield>
        <subfield code='o'>1</subfield>
        <subfield code='d'>2018-01-30</subfield>
        <subfield code='b'>00026257960</subfield>
        <subfield code='p'>099#9</subfield>
        <subfield code='q'>|a65-V6027</subfield>
        <subfield code='v'>v.5</subfield>
      </datafield>
      <datafield ind1='9' ind2='1' tag='999'>
        <subfield code='i'>i6420821</subfield>
        <subfield code='l'>uldal</subfield>
        <subfield code='s'>-</subfield>
        <subfield code='t'>57</subfield>
        <subfield code='c'>2</subfield>
        <subfield code='o'>1</subfield>
        <subfield code='d'>2018-01-30</subfield>
        <subfield code='b'>00026257951</subfield>
        <subfield code='p'>099#9</subfield>
        <subfield code='q'>|a65-V6027</subfield>
        <subfield code='v'>v.6</subfield>
      </datafield>
      <datafield ind1='9' ind2='1' tag='999'>
        <subfield code='i'>i6420822</subfield>
        <subfield code='l'>uldal</subfield>
        <subfield code='s'>-</subfield>
        <subfield code='t'>57</subfield>
        <subfield code='c'>2</subfield>
        <subfield code='o'>1</subfield>
        <subfield code='d'>2018-01-30</subfield>
        <subfield code='b'>00026257942</subfield>
        <subfield code='p'>099#9</subfield>
        <subfield code='q'>|a65-V6027</subfield>
        <subfield code='v'>v.7</subfield>
      </datafield>
      <datafield ind1='9' ind2='1' tag='999'>
        <subfield code='i'>i6420823</subfield>
        <subfield code='l'>uldal</subfield>
        <subfield code='s'>-</subfield>
        <subfield code='t'>57</subfield>
        <subfield code='c'>2</subfield>
        <subfield code='o'>1</subfield>
        <subfield code='d'>2018-01-30</subfield>
        <subfield code='b'>00026257933</subfield>
        <subfield code='p'>099#9</subfield>
        <subfield code='q'>|a65-V6027</subfield>
        <subfield code='v'>v.8</subfield>
      </datafield>
      <datafield ind1='9' ind2='1' tag='999'>
        <subfield code='i'>i6420824</subfield>
        <subfield code='l'>uldal</subfield>
        <subfield code='s'>-</subfield>
        <subfield code='t'>57</subfield>
        <subfield code='c'>2</subfield>
        <subfield code='o'>1</subfield>
        <subfield code='d'>2018-01-30</subfield>
        <subfield code='b'>00026257924</subfield>
        <subfield code='p'>099#9</subfield>
        <subfield code='q'>|a65-V6027</subfield>
        <subfield code='v'>v.9</subfield>
      </datafield>
      <datafield ind1='9' ind2='1' tag='999'>
        <subfield code='i'>i4234303</subfield>
        <subfield code='l'>uldaz</subfield>
        <subfield code='s'>o</subfield>
        <subfield code='t'>57</subfield>
        <subfield code='c'>1</subfield>
        <subfield code='o'>30</subfield>
        <subfield code='b'>00010435148</subfield>
        <subfield code='p'>099#9</subfield>
        <subfield code='q'>|a65-V6027</subfield>
        <subfield code='v'>v.2</subfield>
      </datafield>
      <datafield ind1='9' ind2='1' tag='999'>
        <subfield code='i'>i4234304</subfield>
        <subfield code='l'>uldaz</subfield>
        <subfield code='s'>o</subfield>
        <subfield code='t'>57</subfield>
        <subfield code='c'>1</subfield>
        <subfield code='o'>26</subfield>
        <subfield code='b'>00010435120</subfield>
        <subfield code='p'>099#9</subfield>
        <subfield code='q'>|a65-V6027</subfield>
        <subfield code='v'>v.3</subfield>
      </datafield>
      <datafield ind1='9' ind2='1' tag='999'>
        <subfield code='i'>i4234305</subfield>
        <subfield code='l'>uldaz</subfield>
        <subfield code='s'>o</subfield>
        <subfield code='t'>57</subfield>
        <subfield code='c'>1</subfield>
        <subfield code='o'>22</subfield>
        <subfield code='b'>00010435139</subfield>
        <subfield code='p'>099#9</subfield>
        <subfield code='q'>|a65-V6027</subfield>
        <subfield code='v'>v.4</subfield>
      </datafield>
      <datafield ind1='9' ind2='1' tag='999'>
        <subfield code='i'>i4234306</subfield>
        <subfield code='l'>uldaz</subfield>
        <subfield code='s'>o</subfield>
        <subfield code='t'>57</subfield>
        <subfield code='c'>1</subfield>
        <subfield code='o'>22</subfield>
        <subfield code='b'>00010435362</subfield>
        <subfield code='p'>099#9</subfield>
        <subfield code='q'>|a65-V6027</subfield>
        <subfield code='v'>v.5</subfield>
      </datafield>
      <datafield ind1='9' ind2='1' tag='999'>
        <subfield code='i'>i4234307</subfield>
        <subfield code='l'>uldaz</subfield>
        <subfield code='s'>o</subfield>
        <subfield code='t'>57</subfield>
        <subfield code='c'>1</subfield>
        <subfield code='o'>21</subfield>
        <subfield code='b'>00010435353</subfield>
        <subfield code='p'>099#9</subfield>
        <subfield code='q'>|a65-V6027</subfield>
        <subfield code='v'>v.6</subfield>
      </datafield>
      <datafield ind1='9' ind2='1' tag='999'>
        <subfield code='i'>i4234308</subfield>
        <subfield code='l'>uldaz</subfield>
        <subfield code='s'>o</subfield>
        <subfield code='t'>57</subfield>
        <subfield code='c'>1</subfield>
        <subfield code='o'>18</subfield>
        <subfield code='b'>00010435344</subfield>
        <subfield code='p'>099#9</subfield>
        <subfield code='q'>|a65-V6027</subfield>
        <subfield code='v'>v.7</subfield>
      </datafield>
      <datafield ind1='9' ind2='1' tag='999'>
        <subfield code='i'>i4234309</subfield>
        <subfield code='l'>uldaz</subfield>
        <subfield code='s'>o</subfield>
        <subfield code='t'>57</subfield>
        <subfield code='c'>1</subfield>
        <subfield code='o'>19</subfield>
        <subfield code='b'>00010435335</subfield>
        <subfield code='p'>099#9</subfield>
        <subfield code='q'>|a65-V6027</subfield>
        <subfield code='v'>v.8</subfield>
      </datafield>
      <datafield ind1='9' ind2='1' tag='999'>
        <subfield code='i'>i4234310</subfield>
        <subfield code='l'>uldaz</subfield>
        <subfield code='s'>o</subfield>
        <subfield code='t'>57</subfield>
        <subfield code='c'>1</subfield>
        <subfield code='o'>15</subfield>
        <subfield code='b'>00010435326</subfield>
        <subfield code='p'>099#9</subfield>
        <subfield code='q'>|a65-V6027</subfield>
        <subfield code='v'>v.9</subfield>
      </datafield>
      <datafield ind1='0' ind2='0' tag='999'>
        <subfield code='a'>2004-10-01 00:00:00-04</subfield>
        <subfield code='c'>2004-10-03 08:01:00-04</subfield>
        <subfield code='u'>2017-07-10 20:55:05-04</subfield>
      </datafield>
  </record>
</collection>
